<record><leader>00000cas a22000007a 4500</leader><controlfield tag="001">12962125</controlfield><controlfield tag="008">851231d19281991inuwr ne      0    0eng d</controlfield><datafield ind1=" " ind2=" " tag="010"><subfield code="a">sn 85048296 </subfield></datafield><datafield ind1=" " ind2=" " tag="040"><subfield code="a">NPI</subfield><subfield code="b">eng</subfield><subfield code="c">NPI</subfield><subfield code="d">OCLCQ</subfield></datafield><datafield ind1=" " ind2=" " tag="042"><subfield code="a">msc</subfield></datafield><datafield ind1="0" ind2=" " tag="130"><subfield code="a">National road traveler (Cambridge City, Ind.)</subfield></datafield><datafield ind1="1" ind2="0" tag="245"><subfield code="a">National road traveler.</subfield></datafield><datafield ind1=" " ind2=" " tag="260"><subfield code="a">Cambridge City, Ind. :</subfield><subfield code="b">Omar S. Peelle,</subfield><subfield code="c">-1991.</subfield></datafield><datafield ind1=" " ind2=" " tag="300"><subfield code="a">v. :</subfield><subfield code="b">ill. ;</subfield><subfield code="c">43-55 cm.</subfield></datafield><datafield ind1=" " ind2=" " tag="310"><subfield code="a">Weekly</subfield></datafield><datafield ind1="1" ind2=" " tag="362"><subfield code="a">Began in 1928.</subfield><subfield code="z">Cf. Miller, John W. Indiana newspaper bibliog.</subfield></datafield><datafield ind1="0" ind2=" " tag="362"><subfield code="a">-v. 124, no. 1 (Jan. 1, 1991).</subfield></datafield><datafield ind1=" " ind2=" " tag="500"><subfield code="a">Formed when the "National road traveler" moved from Lewisville in Henry Co. and merged with the "Cambridge City news" (Cambridge City, Ind. : 1924). Cf. Miller.</subfield></datafield><datafield ind1=" " ind2=" " tag="500"><subfield code="a">"Republican." Cf. Ayer, 1984.</subfield></datafield><datafield ind1=" " ind2=" " tag="588"><subfield code="a">Description based on: Vol. 68, no. 38 (Sept. 18, 1936).</subfield></datafield><datafield ind1=" " ind2=" " tag="752"><subfield code="a">United States</subfield><subfield code="b">Indiana</subfield><subfield code="c">Wayne</subfield><subfield code="d">Cambridge City.</subfield></datafield><datafield ind1="1" ind2="4" tag="780"><subfield code="t">National road traveler (Lewisville, Ind.)</subfield><subfield code="w">(DLC)sn 86058553</subfield></datafield><datafield ind1="1" ind2="4" tag="780"><subfield code="t">Cambridge City news (Cambridge City, Ind. : 1924)</subfield></datafield><datafield ind1="1" ind2=" " tag="029"><subfield code="a">AU@</subfield><subfield code="b">000023410802</subfield></datafield></record>